
@book(VTK,
  author         = "Will Schroeder and Ken Martin and Bill Lorensen",
  title          = "The Visualization Toolkit: An Object Oriented Approach to {3D} Graphics",
  edition        = "Fourth",
  publisher      = "Kitware Inc.",
  note           = "ISBN 1-930934-19-X",
  year           = "2004"
)
